@book{Cabral2012,
	title = {
		Álgebra Linear: Teoria, Exercícios resolvidos e
		Exercícios propostos com soluções},
	author = {
		Cabral, Isabel and
		Perdigão, Cecília  and
		Saiago, Carlos
	},
	year = {2012},
	isbn = {978-972-592-360-2},
	publisher = {Escolar Editora},
	edition = {3}
}

@book{Barreira2011,
	title = {Exercícios de Álgebra Linear},
	author = {Barreira, Luís and Valls, Cláudia},
	year = {2011},
	isbn = {978-989-8481-00-9},
	series = {Colecção Apoio ao Ensino},
	number = {g)},
	edition = {1},
	publisher = {IST Press}
}

@book{Correia2009,
	title = {21002 - Álgebra Linear I: Texto de Apoio - Matrizes},
	author = {Correia, {Ana Luísa}},
	year = {2009},
	publisher = {Universidade Aberta, Departamento de Ciências e Tecnologia}
}

@book{Santana2018,
	title = {Introdução à Álgebra Linear},
	author = {Santana, {Ana Paula} and Queiró, {João Filipe}},
	year = {2018},
	month = {9},
	series = {Trajectos Ciência},
	number = {10},
	publisher = {Gradiva},
	isbn = {978-989-616-372-3}
}
